@inproceedings{zhao1997array,
  title={An array-based algorithm for simultaneous multidimensional aggregates},
  author={Zhao, Yihong and Deshpande, Prasad M and Naughton, Jeffrey F},
  booktitle={ACM SIGMOD Record},
  volume={26},
  pages={159--170},
  year={1997},
  organization={ACM}
}

@article{nandi2012data,
  title={Data cube materialization and mining over mapreduce},
  author={Nandi, Arnab and Yu, Cong and Bohannon, Philip and Ramakrishnan, Raghu},
  journal={Knowledge and Data Engineering, IEEE Transactions on},
  volume={24},
  number={10},
  pages={1747--1759},
  year={2012},
  publisher={IEEE}
}

@inproceedings{tao2013minimal,
  title={Minimal mapreduce algorithms},
  author={Tao, Yufei and Lin, Wenqing and Xiao, Xiaokui},
  booktitle={Proceedings of the 2013 international conference on Management of data},
  pages={529--540},
  year={2013},
  organization={ACM}
}

@inproceedings{agarwal1996computation,
  title={On the computation of multidimensional aggregates},
  author={Agarwal, Sameet and Agrawal, Rakesh and Deshpande, Prasad M and Gupta, Ashish and Naughton, Jeffrey F and Ramakrishnan, Raghu and Sarawagi, Sunita},
  booktitle={VLDB},
  volume={96},
  pages={506--521},
  year={1996}
}

@article{beyer1999bottom,
  title={Bottom-up computation of sparse and iceberg cube},
  author={Beyer, Kevin and Ramakrishnan, Raghu},
  journal={ACM SIGMOD Record},
  volume={28},
  number={2},
  pages={359--370},
  year={1999},
  publisher={ACM}
}
